@ARTICLE{ARTICLE:1,
    AUTHOR="John Doe",
    TITLE="Title",
    JOURNAL="Journal",
    YEAR="2017",
}

@BOOK{BOOK:1,
    AUTHOR="John Doe",
    TITLE="The Book without Title",
    PUBLISHER="Dummy Publisher",
    YEAR="2100",
}

@INBOOK{BOOK:2,
    AUTHOR="John Doe",
    TITLE="The Book without Title",
    PUBLISHER="Dummy Publisher",
    YEAR="2100",
    PAGES="100-200",
}

@MISC{WEBSITE_SKY,
	url = {https://www.skyloom.co/},
	TITLE = "Skyloom Global",
	URLDATE = {2023-3-22}
}

@MISC{WEBSITE:1,
	url = {https://en.wikipedia.org/wiki/FreeRTOS},
	AUTHOR = "Wikipedia",
	TITLE = "FreeRTOS",
	URLDATE = {2023-3-30}
}

@MISC{WEBSITE:FREERTOS,
	url = {https://docs.aws.amazon.com/freertos/latest/userguide/dev-guide-freertos-kernel.html},
	AUTHOR = "AWS",
	TITLE = "FreeRTOS",
	URLDATE = {2023-4-7}
}

@MISC{WEBSITE:2,
	url = {https://en.wikipedia.org/wiki/Analog-to-digital_converter},
	AUTHOR = "Wikipedia",
	TITLE = "Analog-to-digital converter",
	URLDATE = {2023-3-31}
}

@MISC{WEBSITE:3,
	url = {https://www.embedded.com/understanding-the-uart/},
	AUTHOR = "Embedded",
	TITLE = "UART",
	URLDATE = {2023-4-2}
}

@MISC{WEBSITE:HAL,
	url = {https://en.wikipedia.org/wiki/Hardware_abstraction},
	AUTHOR = "Wikipedia",
	TITLE = "Hardware abstraction",
	URLDATE = {2023-4-11}
}

@MISC{MSP2807,
	url = {http://www.lcdwiki.com/2.8inch_SPI_Module_ILI9341_SKU:MSP2807},
	AUTHOR = "LCDWiki",
	TITLE = "MSP2807",
	URLDATE = {2023-4-7}
}

@MISC{INA301,
   author =	{Texas Instruments},
   title =	{INA301},
   url =	{https://www.ti.com/lit/ds/symlink/ina301.pdf?src-supplier=Digi-Key}
}

@MISC{NUCLEO144,
   author =	{ST Microelectronics},
   title =	{Nucleo-144},
   url =	{https://www.farnell.com/datasheets/2014265.pdf}
}

@MISC{STM32F429,
   author =	{ST Microelectronics},
   title =	{STM32F429ZI},
   url =	{https://www.st.com/resource/en/datasheet/stm32f429zi.pdf}
}

@MISC{WEBSITE:SPI,
	url = {https://en.wikipedia.org/wiki/Serial_Peripheral_Interface},
	AUTHOR = "Wikipedia",
	TITLE = "SPI",
	URLDATE = {2023-4-13}
}

@MISC{WEBSITE:STM32CUBE,
	url = {https://www.st.com/resource/en/user_manual/dm00154093-description-of-stm32f1-hal-and-low-layer-drivers-stmicroelectronics.pdf},
	AUTHOR = "ST",
	TITLE = "Description of STM32F1 HAL and low-layer drivers",
	URLDATE = {2023-4-13}
}

@MISC{WEBSITE:EMISSION,
	url = {https://en.wikipedia.org/wiki/Stimulated_emission},
	AUTHOR = "Wikipedia",
	TITLE = "Stimulated emission",
	URLDATE = {2023-4-14}
}

@MISC{WEBSITE:RC_CIRCUIT,
	url = {https://en.wikipedia.org/wiki/RC_circuit},
	AUTHOR = "Wikipedia",
	TITLE = "RC Circuit",
	URLDATE = {2024-9-9}
}

@MISC{WEBSITE:FIBRA,
	url = {https://es.wikipedia.org/wiki/Fibra_%C3%B3ptica},
	AUTHOR = "Wikipedia",
	TITLE = "Fibra óptica",
	URLDATE = {2023-4-14}
}

@MISC{WEBSITE:EDFA1,
	url = {https://www.rp-photonics.com/erbium_doped_fiber_amplifiers.html},
	AUTHOR = "RP Photonics Encyclopedia",
	TITLE = "Erbium-doped Fiber Amplifiers",
	URLDATE = {2023-4-14}
}

@MISC{WEBSITE:EDFA2,
	url = {https://www.fiberopticshare.com/basic-knowledge-edfa.html},
	AUTHOR = "Fiber Optics Share",
	TITLE = "Basic Knowledge About EDFA",
	URLDATE = {2023-4-14}
}

@MISC{WEBSITE:EDFA3,
	url = {https://www.thorlabs.com/newgrouppage9.cfm?objectgroup_id=15022},
	AUTHOR = "ThorLabs",
	TITLE = "Gain Flattening Filters",
	URLDATE = {2024-9-16}
}

@MISC{WEBSITE:BANDAS,
	url = {https://www.fiberlabs.com/glossary/optical-communication-band/},
	AUTHOR = "FiberLabs Inc.",
	TITLE = "Optical Communication Band",
	URLDATE = {2024-9-10}
}

@MISC{WEBSITE:LEO,
	url = {https://en.wikipedia.org/wiki/Low_Earth_orbit},
	AUTHOR = "Wikipedia",
	TITLE = "Low Earth Orbit",
	URLDATE = {2024-9-9}
}

@MISC{WEBSITE:GEO,
	url = {https://en.wikipedia.org/wiki/Geostationary_orbit},
	AUTHOR = "Wikipedia",
	TITLE = "Geostationary Orbit",
	URLDATE = {2024-9-9}
}

@MISC{WEBSITE:PULSADOR_DS,
	url = {https://eswitch.wpengine.com/wp-content/uploads/2022/06/TL1265.pdf},
	AUTHOR = "E-Switch",
	TITLE = "Pulsadores serie TL1265",
	URLDATE = {2024-9-8}
}

@MISC{WEBSITE:POTENC_DS,
	url = {https://www.bourns.com/docs/Product-Datasheets/PTV09.pdf},
	AUTHOR = "Bourns",
	TITLE = "Resistencias variables serie PTV09",
	URLDATE = {2024-9-8}
}

@MISC{WEBSITE:LEDS_DS,
	url = {https://www.kingbrightusa.com/images/catalog/SPEC/AA3528LVBS-D.pdf},
	AUTHOR = "Kingbright",
	TITLE = "LEDs de montaje superficial serie AA3528LVBS/D",
	URLDATE = {2024-9-8}
}

@MISC{WEBSITE:BUFFERS_DS,
	url = {https://www.ti.com/lit/ds/symlink/sn74lvc2244a.pdf},
	AUTHOR = "Texas Instruments",
	TITLE = "Buffers de ocho canales serie SN74LVC2244A",
	URLDATE = {2024-9-8}
}

@MISC{WEBSITE:RELE_DS,
	url = {https://mm.digikey.com/Volume0/opasdata/d220001/medias/docus/891/PA-N_Series.pdf},
	AUTHOR = "Panasonic",
	TITLE = "Relé de proposito general serie PA-N",
	URLDATE = {2024-9-9}
}

@MISC{WEBSITE:TRANS_DS,
	url = {https://rocelec.widen.net/view/pdf/ylkha27spa/FAIRS44268-1.pdf?t.download=true&u=5oefqw},
	AUTHOR = "Fairchild Semiconductor",
	TITLE = "Transistor bipolar NPN",
	URLDATE = {2024-9-9}
}

@MISC{WEBSITE:MICROD_DS,
	url = {https://www.amphenolcanada.com/pdf/Micro-D-Catalog.pdf},
	AUTHOR = "Amphenol",
	TITLE = "Conectores Micro-D",
	URLDATE = {2024-9-8}
}

@misc{DOC_REQ,
	author = {Ing. Lucas Constantino},
	title = {Tester para amplificador óptico. Especificación de requerimientos de software},
	url = {https://drive.google.com/file/d/12-mV9YiTrhrPz9u6ybiGlePk2mSL5Vg6/view?usp=sharing},
	year = {2022}
}

@MANUAL{dallas:ds18b20,
    organization  = "Dallas Semiconductor",
    title         = "DS18B20 Programmable Resolution 1-Wire Digital Thermometer",
    number        = "050400",
    year          =  2015,
    note          = "Rev. 3"
}

@book{teton2003,
	title={Gu{\'\i}a t{\'e}cnica de la acuariofilia},
	author={Teton, J.},
	isbn={9788489840249},
	series={Gu{\'\i}as t{\'e}cnicas},
	url={https://books.google.com.ar/books?id=6vrjovWkQicC},
	year={2003},
	publisher={Tursen S.A. - H. Blume}
}

@book{IEEE:citation,
	author={IEEE},
	title={IEEE Citation Reference},
	edition={1},
	url={http://www.ieee.org/documents/ieeecitationref.pdf},
	urldate={2016-9-26},
	publisher={IEEE Publications},
	year={2016}
}

@misc{CIAA,
	author = {{Proyecto CIAA}},
	title = {Computadora Industrial Abierta Argentina},
	url = {http://proyecto-ciaa.com.ar/devwiki/doku.php?id=start},
	note = {Visitado el 2016-06-25},
	year = {2014}
}

@MISC{lpcopen,
   author =	{{NXP Semiconductors}},
   title =	{LPCOPEN v2.16 Drivers, Middleware and Examples},
   url =	{http://www.nxp.com/products/microcontrollers-and-processors/arm-processors/lpc-cortex-m-mcus/software-tools/lpcopen-libraries-and-examples:LPC-OPEN-LIBRARIES},
   note =	{Disponible: 2016-06-25},
 }
 
@MISC{contrib,
	author =	{{Savannah}},
	title =	{lwIP - A Lightweight TCP/IP stack},
	url =	{http://git.savannah.gnu.org/cgit/lwip/lwip-contrib.git},
	note =	{Disponible: 2016-06-25},
 }

@MISC{webserver,
	author =	{{Savannah}},
	title =	{lwIP - Wiki - Sample Web Server},
	url =	{ http://lwip.wikia.com/wiki/Sample_Web_Server},
	note =	{Disponible: 2016-06-25}
 } 
 


@MISC{sensor_pH,
   author =	{dfRobot},
   title =	{PH meter(SKU: SEN0161)},
   url =	{http://www.dfrobot.com/wiki/index.php?title=PH_meter(SKU:_SEN0161)},
   note =	{Disponible: 2016-06-25},
}

@misc{rfc2616,
	series =	{Request for Comments},
	number=		2616,
	howpublished=	{RFC 2616},
	publisher =	{RFC Editor},
	doi =		{10.17487/rfc2616},
	url =		{https://rfc-editor.org/rfc/rfc2616.txt},
	author=		{Jeffrey Mogul and Larry M Masinter and Roy T. Fielding and Jim Gettys and Paul J. Leach and Tim Berners-Lee},
	title=		{{Hypertext Transfer Protocol -- HTTP/1.1}},
	pagetotal =	176,
	year =		2013,
	month =		3,
	day =		2,
	abstract =	{HTTP has been in use by the World-Wide Web global information initiative since 1990. This specification defines the protocol referred to as &quot;HTTP/1.1&quot;, and is an update to RFC 2068. [STANDARDS-TRACK]},
}

@misc{rfc3875,
	series =	{Request for Comments},
	number=		3875,
	howpublished=	{RFC 3875},
	publisher =	{RFC Editor},
	doi =		{10.17487/rfc3875},
	url =		{https://rfc-editor.org/rfc/rfc3875.txt},
	author=		{David Robinson},
	title=		{{The Common Gateway Interface (CGI) Version 1.1}},
	pagetotal =	36,
	year =		2013,
	month =		mar,
	day =		20,
	abstract =	{The Common Gateway Interface (CGI) is a simple interface for running external programs, software or gateways under an information server in a platform-independent manner. Currently, the supported information servers are HTTP servers.},
}

@misc{rfc7540,
	series =	{Request for Comments},
	number=		7540,
	howpublished=	{RFC 7540},
	publisher =	{RFC Editor},
	doi =		{10.17487/rfc7540},
	url =		{https://rfc-editor.org/rfc/rfc7540.txt},
	author=		{Mike Belshe and Roberto Peon and Martin Thomson},
	title=		{{Hypertext Transfer Protocol Version 2 (HTTP/2)}},
	pagetotal =	96,
	year =		2015,
	month =		nov,
	day =		18,
	abstract =	{This specification describes an optimized expression of the semantics of the Hypertext Transfer Protocol (HTTP), referred to as HTTP version 2 (HTTP/2). HTTP/2 enables a more efficient use of network resources and a reduced perception of latency by introducing header field compression and allowing multiple concurrent exchanges on the same connection. It also introduces unsolicited push of representations from servers to clients.},
}